<?xml version="1.0" encoding="UTF-8"?><collection xmlns="http://www.loc.gov/MARC21/slim"><record><leader>00387nam--2200145-i-4500</leader><controlfield tag="001">000007716</controlfield><controlfield tag="002">20161230</controlfield><controlfield tag="005">20170301115218</controlfield><controlfield tag="008">060222s1000------------r-----000-0-eng-d</controlfield><datafield ind1=" " ind2=" " tag="245"><subfield code="a">Dictionar german-roman</subfield></datafield><datafield ind1=" " ind2=" " tag="260"><subfield code="a">Bucuresti</subfield><subfield code="b">Ed.Acad.R.S.R</subfield><subfield code="c">1966</subfield></datafield><datafield ind1=" " ind2=" " tag="300"><subfield code="a">CI+1172 p</subfield></datafield><datafield ind1=" " ind2=" " tag="490"><subfield code="a">Acad.R.S.R., Institutul De Lingvistica</subfield></datafield><datafield ind1=" " ind2=" " tag="852"><subfield code="a">801.323.2=30=590</subfield></datafield><datafield ind1=" " ind2=" " tag="CAT"><subfield code="a">SYS</subfield><subfield code="c">20170301</subfield><subfield code="h">115218</subfield></datafield></record></collection>